@article{electrode,
    author     =    {Rathelot, Jean-Alban and
                    Dum, Richard and
                    Strick, Peter},
    title     =     {Posterior parietal cortex contains a command apparatus for hand movements},
    journal    =    {Proceedings of the National Academy of Sciences of the United States of America},
    year     =     {2017}
}

@inproceedings{Nair:2010:RLU:3104322.3104425,
 author = {Nair, Vinod and Hinton, Geoffrey E.},
 title = {Rectified Linear Units Improve Restricted Boltzmann Machines},
 booktitle = {Proceedings of the 27th International Conference on International Conference on Machine Learning},
 series = {ICML'10},
 year = {2010},
 isbn = {978-1-60558-907-7},
 location = {Haifa, Israel},
 pages = {807--814},
 numpages = {8},
 url = {http://dl.acm.org/citation.cfm?id=3104322.3104425},
 acmid = {3104425},
 publisher = {Omnipress},
 address = {USA},
} 


@article{kingma2014adam,
  title={Adam: A method for stochastic optimization},
  author={Kingma, Diederik P and Ba, Jimmy},
  journal={arXiv preprint arXiv:1412.6980},
  year={2014}
}

@INPROCEEDINGS{Glorot10understandingthe,
    author = {Xavier Glorot and Yoshua Bengio},
    title = {Understanding the difficulty of training deep feedforward neural networks},
    booktitle = {In Proceedings of the International Conference on Artificial Intelligence and Statistics (AISTATSâ€™10). Society for Artificial Intelligence and Statistics},
    year = {2010}
}

@article{DBLP:journals/corr/HeZR015,
  author    = {Kaiming He and
               Xiangyu Zhang and
               Shaoqing Ren and
               Jian Sun},
  title     = {Delving Deep into Rectifiers: Surpassing Human-Level Performance on
               ImageNet Classification},
  journal   = {CoRR},
  volume    = {abs/1502.01852},
  year      = {2015},
  url       = {http://arxiv.org/abs/1502.01852},
}

@MastersThesis{LSTM,
    author     =     {Fedjaev, Juri},
    title     =     {Decoding EEG Brain Signals using Recurrent Neural Networks},
    school     =     {Technische Universitat Munchen},
    year     =     {2017},
    }
    
@article{SchirrmeisterSF17,
  author    = {Robin Tibor Schirrmeister and
               Jost Tobias Springenberg and
               Lukas Dominique Josef Fiederer and
               Martin Glasstetter and
               Katharina Eggensperger and
               Michael Tangermann and
               Frank Hutter and
               Wolfram Burgard and
               Tonio Ball},
  title     = {Deep learning with convolutional neural networks for brain mapping
               and decoding of movement-related information from the human {EEG}},
  journal   = {CoRR},
  volume    = {abs/1703.05051},
  year      = {2017},

}

@ARTICLE{Elman90findingstructure,
    author = {Jeffrey L. Elman},
    title = {Finding structure in time},
    journal = {COGNITIVE SCIENCE},
    year = {1990},
    volume = {14},
    number = {2},
    pages = {179--211}
}


@inproceedings{Jozefowicz:2015:EER:3045118.3045367,
 author = {Jozefowicz, Rafal and Zaremba, Wojciech and Sutskever, Ilya},
 title = {An Empirical Exploration of Recurrent Network Architectures},
 booktitle = {Proceedings of the 32Nd International Conference on International Conference on Machine Learning - Volume 37},
 series = {ICML'15},
 year = {2015},
 pages = {2342--2350},
 numpages = {9},
} 


@misc{LeNet5,
  title = {{LeNet-5} convolutional neural networks, {Lecun,} {Yann}},
  howpublished = {\url{http://yann.lecun.com/exdb/lenet/}},
  note = {Accessed: 2018-05-14}
}

@article{adam,
  author    = {Diederik P. Kingma and
               Jimmy Ba},
  title     = {Adam: {A} Method for Stochastic Optimization},
  journal   = {CoRR},
  volume    = {abs/1412.6980},
  year      = {2014},
}

@misc{data,
  title = {{BCI} {Competition} {II}},
  howpublished = {\url{http://www.bbci.de/competition/ii/}},
  note = {Accessed: 2018-05-14}
}

@article{BashivanRYC15,
  author    = {Pouya Bashivan and
               Irina Rish and
               Mohammed Yeasin and
               Noel Codella},
  title     = {Learning Representations from {EEG} with Deep Recurrent-Convolutional
               Neural Networks},
  journal   = {CoRR},
  volume    = {abs/1511.06448},
  year      = {2015},

}